<?xml version="1.0" encoding="UTF-8"?><collection xmlns="http://www.loc.gov/MARC21/slim"><record><leader>00614nam--2200193-i-4500</leader><controlfield tag="001">000036144</controlfield><controlfield tag="002">20161230</controlfield><controlfield tag="005">20161230201040</controlfield><controlfield tag="008">060222s1000------------r-----000-0-eng-d</controlfield><datafield ind1=" " ind2=" " tag="040"><subfield code="a">IFIN-HH</subfield></datafield><datafield ind1=" " ind2=" " tag="080"><subfield code="a">539.163.2</subfield></datafield><datafield ind1="1" ind2=" " tag="100"><subfield code="a">Mottelson, Ben R</subfield></datafield><datafield ind1="1" ind2="0" tag="245"><subfield code="a">The intrinsic states of odd-a nuclei having ellipsoidal equilibrium shape</subfield><subfield code="c">Ben r. mottelson, sven g. nilsson</subfield></datafield><datafield ind1=" " ind2=" " tag="260"><subfield code="a">Kobenhavn, Danemarca</subfield><subfield code="b">Ejnar Munksgaard</subfield><subfield code="c">1959</subfield></datafield><datafield ind1=" " ind2=" " tag="300"><subfield code="a">105P</subfield></datafield><datafield ind1=" " ind2=" " tag="490"><subfield code="a">Det Kgl.Danske Vid.Selskab, Mat.Fys.Skr.I, 8</subfield></datafield><datafield ind1="1" ind2=" " tag="700"><subfield code="a">Nilsson, Sven G</subfield></datafield><datafield ind1=" " ind2=" " tag="852"><subfield code="a">13811</subfield><subfield code="c">539.163.2(DANEMARCA)</subfield></datafield><datafield ind1=" " ind2=" " tag="CAT"><subfield code="a">Sys</subfield><subfield code="c">20130604</subfield><subfield code="h">154357</subfield></datafield></record></collection>